<record><leader>00000cas a22000007a 4500</leader><controlfield tag="001">22504035</controlfield><controlfield tag="008">901012d18991900couwr ne      0    0eng d</controlfield><datafield ind1=" " ind2=" " tag="010"><subfield code="a">sn 90051789 </subfield></datafield><datafield ind1=" " ind2=" " tag="040"><subfield code="a">CNQ</subfield><subfield code="b">eng</subfield><subfield code="c">CNQ</subfield><subfield code="d">OCLCQ</subfield></datafield><datafield ind1=" " ind2=" " tag="042"><subfield code="a">msc</subfield></datafield><datafield ind1="0" ind2=" " tag="130"><subfield code="a">Weekly monitor (Trinidad, Colo.)</subfield></datafield><datafield ind1="1" ind2="4" tag="245"><subfield code="a">The weekly monitor.</subfield></datafield><datafield ind1=" " ind2=" " tag="260"><subfield code="a">Trinidad, Colo. :</subfield><subfield code="b">Hosmer &amp; Hollenbeck</subfield></datafield><datafield ind1=" " ind2=" " tag="300"><subfield code="a">v.</subfield></datafield><datafield ind1=" " ind2=" " tag="310"><subfield code="a">Weekly</subfield></datafield><datafield ind1="0" ind2=" " tag="362"><subfield code="a">Vol. 7, no. 25 (Jan. 27, 1898 [1899])-v. 8, no. 52 (July 27, 1900).</subfield></datafield><datafield ind1=" " ind2=" " tag="530"><subfield code="a">Available on microfilm from the Colorado Historical Society.</subfield></datafield><datafield ind1=" " ind2=" " tag="752"><subfield code="a">United States</subfield><subfield code="b">Colorado</subfield><subfield code="c">Las Animas</subfield><subfield code="d">Trinidad.</subfield></datafield><datafield ind1="0" ind2="0" tag="780"><subfield code="t">Peoples monitor</subfield><subfield code="w">(DLC)sn 90051788</subfield></datafield><datafield ind1="0" ind2="0" tag="785"><subfield code="t">Twice-a-week monitor</subfield><subfield code="w">(DLC)sn 91052026</subfield></datafield></record>